<?xml version="1.0" encoding="UTF-8"?><collection xmlns="http://www.loc.gov/MARC21/slim"><record><leader>00469nam--2200181-i-4500</leader><controlfield tag="001">000025887</controlfield><controlfield tag="002">20161230</controlfield><controlfield tag="005">20170128000710</controlfield><controlfield tag="008">060222s1000------------r-----000-0-hum-d</controlfield><datafield ind1=" " ind2=" " tag="040"><subfield code="a">IFIN-HH</subfield></datafield><datafield ind1=" " ind2=" " tag="041"><subfield code="a">hun</subfield></datafield><datafield ind1=" " ind2=" " tag="080"><subfield code="a">53(091)</subfield></datafield><datafield ind1="1" ind2=" " tag="100"><subfield code="a">Zempl©♭n, Jol©Łn, M</subfield></datafield><datafield ind1="1" ind2="0" tag="245"><subfield code="a">A magyarorsz©Łgi fizika t©œrt©♭nete 1711-ig</subfield><subfield code="c">M. Zempl©♭n Jol©Łn</subfield></datafield><datafield ind1=" " ind2=" " tag="260"><subfield code="a">Budapest</subfield><subfield code="b">Akad©♭miai Kiad©đ</subfield><subfield code="c">1961</subfield></datafield><datafield ind1=" " ind2=" " tag="300"><subfield code="a">317 p</subfield></datafield><datafield ind1=" " ind2=" " tag="852"><subfield code="a">75984</subfield><subfield code="c">53</subfield></datafield><datafield ind1=" " ind2=" " tag="CAT"><subfield code="a">SYS</subfield><subfield code="c">20170128</subfield><subfield code="h">000710</subfield></datafield></record></collection>